@inproceedings{Vishwanath10,
author = {Vishwanath, Kashi Venkatesh and Nagappan, Nachiappan},
title = {Characterizing Cloud Computing Hardware Reliability},
year = {2010},
isbn = {9781450300360},
publisher = {Association for Computing Machinery},
address = {New York, NY, USA},
url = {https://doi.org/10.1145/1807128.1807161},
pages = {193â€“204},
numpages = {12},
keywords = {failures, datacenters},
location = {Indianapolis, Indiana, USA},
series = {SoCC '10}
}